<?xml version="1.0" encoding="UTF-8"?><collection xmlns="http://www.loc.gov/MARC21/slim"><record><leader>00350nam--2200133-i-4500</leader><controlfield tag="001">000009403</controlfield><controlfield tag="002">20161230</controlfield><controlfield tag="005">20161230201028</controlfield><controlfield tag="008">060222s1000------------r-----000-0-eng-d</controlfield><datafield ind1=" " ind2=" " tag="080"><subfield code="a">62-525</subfield></datafield><datafield ind1=" " ind2=" " tag="100"><subfield code="a">Boiangiu, Dumitru, Petcu, Dumitru Si Nita, Con Stantin</subfield></datafield><datafield ind1=" " ind2=" " tag="245"><subfield code="a">Pneumoautomatica</subfield></datafield><datafield ind1=" " ind2=" " tag="260"><subfield code="a">Bucuresti, Ed. Tehnica, 1970. 506 P</subfield></datafield><datafield ind1=" " ind2=" " tag="852"><subfield code="a">33519</subfield></datafield></record></collection>